<collection xmlns="http://www.loc.gov/MARC21/slim">
   <record>
      <leader>04348cam a2200469 i 4500</leader>
      <controlfield tag="001">6813600</controlfield>
      <controlfield tag="003">OCoLC</controlfield>
      <controlfield tag="005">20150220155406.0</controlfield>
      <controlfield tag="008">141120s2015    njua     b    001 0 eng  </controlfield>
      <datafield ind1=" " ind2=" " tag="010">
         <subfield code="a">  2014034567</subfield>
      </datafield>
      <datafield ind1=" " ind2=" " tag="015">
         <subfield code="a">GBB4D0200</subfield>
         <subfield code="2">bnb</subfield>
      </datafield>
      <datafield ind1="7" ind2=" " tag="016">
         <subfield code="a">016946625</subfield>
         <subfield code="2">Uk</subfield>
      </datafield>
      <datafield ind1=" " ind2=" " tag="020">
         <subfield code="a">9781118858110</subfield>
         <subfield code="q">hardback</subfield>
      </datafield>
      <datafield ind1=" " ind2=" " tag="020">
         <subfield code="a">1118858115</subfield>
         <subfield code="q">hardback</subfield>
      </datafield>
      <datafield ind1=" " ind2=" " tag="020">
         <subfield code="z">9781118938980</subfield>
         <subfield code="q">ePDF</subfield>
      </datafield>
      <datafield ind1=" " ind2=" " tag="020">
         <subfield code="z">9781118938973</subfield>
         <subfield code="q">ePub</subfield>
      </datafield>
      <datafield ind1=" " ind2=" " tag="035">
         <subfield code="a">ocn869770390</subfield>
      </datafield>
      <datafield ind1=" " ind2=" " tag="040">
         <subfield code="a">DLC</subfield>
         <subfield code="e">rda</subfield>
         <subfield code="b">eng</subfield>
         <subfield code="c">DLC</subfield>
         <subfield code="d">YDX</subfield>
         <subfield code="d">BTCTA</subfield>
         <subfield code="d">BDX</subfield>
         <subfield code="d">YDXCP</subfield>
         <subfield code="d">OCLCO</subfield>
         <subfield code="d">UKMGB</subfield>
         <subfield code="d">OCLCF</subfield>
         <subfield code="d">AEU</subfield>
      </datafield>
      <datafield ind1=" " ind2=" " tag="042">
         <subfield code="a">pcc</subfield>
      </datafield>
      <datafield ind1="0" ind2="0" tag="050">
         <subfield code="a">HD38.5</subfield>
         <subfield code="b">.C345 2015</subfield>
      </datafield>
      <datafield ind1="0" ind2="0" tag="082">
         <subfield code="a">658.5</subfield>
         <subfield code="2">23</subfield>
      </datafield>
      <datafield ind1=" " ind2=" " tag="084">
         <subfield code="a">BUS073000</subfield>
         <subfield code="2">bisacsh</subfield>
      </datafield>
      <datafield ind1=" " ind2=" " tag="090">
         <subfield code="a">HD38.5 .C345 2015</subfield>
         <subfield code="b">AEGMCT</subfield>
      </datafield>
      <datafield ind1="1" ind2=" " tag="100">
         <subfield code="a">Cecere, Lora M.,</subfield>
         <subfield code="e">author.</subfield>
         <subfield code="0">http://id.loc.gov/authorities/names/n2012066016</subfield>
         <subfield code="0">http://viaf.org/viaf/273856890</subfield>
      </datafield>
      <datafield ind1="1" ind2="0" tag="245">
         <subfield code="a">Supply chain metrics that matter /</subfield>
         <subfield code="c">Lora M. Cecere.</subfield>
      </datafield>
      <datafield ind1=" " ind2="1" tag="264">
         <subfield code="a">Hoboken, New Jersey :</subfield>
         <subfield code="b">Wiley,</subfield>
         <subfield code="c">[2015]</subfield>
      </datafield>
      <datafield ind1=" " ind2=" " tag="300">
         <subfield code="a">xviii, 381 pages :</subfield>
         <subfield code="b">illustrations ;</subfield>
         <subfield code="c">24 cm.</subfield>
      </datafield>
      <datafield ind1=" " ind2=" " tag="336">
         <subfield code="a">text</subfield>
         <subfield code="2">rdacontent</subfield>
         <subfield code="0">http://id.loc.gov/vocabulary/contentTypes/txt</subfield>
      </datafield>
      <datafield ind1=" " ind2=" " tag="337">
         <subfield code="a">unmediated</subfield>
         <subfield code="2">rdamedia</subfield>
         <subfield code="0">http://id.loc.gov/vocabulary/mediaTypes/n</subfield>
      </datafield>
      <datafield ind1=" " ind2=" " tag="338">
         <subfield code="a">volume</subfield>
         <subfield code="2">rdacarrier</subfield>
         <subfield code="0">http://id.loc.gov/vocabulary/carriers/nc</subfield>
      </datafield>
      <datafield ind1="1" ind2=" " tag="490">
         <subfield code="a">Wiley corporate F&amp;A</subfield>
      </datafield>
      <datafield ind1=" " ind2=" " tag="504">
         <subfield code="a">Includes bibliographical references and index.</subfield>
      </datafield>
      <datafield ind1=" " ind2=" " tag="520">
         <subfield code="a">"How to Conquer the Effective Frontier and Drive Improved Value in Global Operations. Growth has slowed. Volatility has increased and the world is more global. Brands are defined by innovation and services. Supply chain excellence matters more than ever. It makes a difference in corporate performance. One cannot snap their fingers and deliver supply chain success. It happens over the course of many years. It is measured in inches not miles. In this book, the author evaluates the progress of over a hundred companies in twenty-two industries in five value networks over the period of 2010-2012.Success drives value. The effective supply chain makes a difference in winning a war, saving a patient, and driving commerce; but it also makes a difference in a community having clean air, potable water, and a standard of living. Mistakes are hard to overcome. Supply Chain Metrics that Matter tells this story. The book links corporate financials to supply chain maturity. In the book, the author analyzes which metrics matter. She does this by interviewing over sixty-five industry experts and correlating twenty-two financial ratios to six years of market capitalization data. The author Lora M. Cecere is a supply chain researcher as well as an authority in supply chain technology. She helps companies gain first mover advantage. In the book, Cecere provides concrete, actionable steps to align and balance the supply chain to drive value. The book explores the crossover between supply chain efficiency and financial growth with topics such as: Outlining the metrics that matter, the metrics that don't Progress in industry sub-segment in improving inventory, cash, productivity and margin The supply chain's role in improving market capitalization The management techniques that improve performance Sharing insights on how metrics change as the supply chain matures The roadmap to improve performance. Today, supply chains are global and dynamic. They are rapidly evolving. Companies that constantly seek out new solutions and opportunities for improvement drive differentiation. In a market where growth is stalled and one out of nine companies are stuck in driving supply chain performance, this book provides a clear, concise framework for a more modern, effective supply chain"--</subfield>
         <subfield code="c">Provided by publisher.</subfield>
      </datafield>
      <datafield ind1=" " ind2=" " tag="596">
         <subfield code="a">29</subfield>
      </datafield>
      <datafield ind1=" " ind2="0" tag="650">
         <subfield code="a">Business logistics.</subfield>
         <subfield code="0">http://id.loc.gov/authorities/subjects/sh85018306</subfield>
      </datafield>
      <datafield ind1=" " ind2=" " tag="758">
         <subfield code="0">http://worldcat.org/entity/work/id/889354066</subfield>
      </datafield>
      <datafield ind1="0" ind2="8" tag="776">
         <subfield code="i">Online version:</subfield>
         <subfield code="a">Cecere, Lora M.</subfield>
         <subfield code="t">Supply chain metrics that matter</subfield>
         <subfield code="d">Hoboken, New Jersey : Wiley, 2015</subfield>
         <subfield code="z">9781118938980</subfield>
         <subfield code="w">(DLC) 2014045948</subfield>
      </datafield>
      <datafield ind1="0" ind2=" " tag="787">
         <subfield code="n">OCLC Work Id</subfield>
         <subfield code="o">http://worldcat.org/entity/work/id/889354066</subfield>
      </datafield>
      <datafield ind1=" " ind2="0" tag="830">
         <subfield code="a">Wiley corporate F &amp; A.</subfield>
      </datafield>
      <datafield ind1="4" ind2="2" tag="856">
         <subfield code="3">Cover image</subfield>
         <subfield code="u">http://catalogimages.wiley.com/images/db/jimages/9781118858110.jpg</subfield>
      </datafield>
      <datafield ind1=" " ind2=" " tag="949">
         <subfield code="a">HD38.5 .C345 2015</subfield>
         <subfield code="h">GMCT-OS-B</subfield>
         <subfield code="i">1007401415</subfield>
         <subfield code="p">73.19</subfield>
         <subfield code="k">AVAIL_SOON</subfield>
      </datafield>
      <datafield ind1=" " ind2=" " tag="926">
         <subfield code="a">HD38.5 .C345 2015</subfield>
         <subfield code="w">LC</subfield>
         <subfield code="c">1</subfield>
         <subfield code="i">1007401415</subfield>
         <subfield code="d">3/12/2015</subfield>
         <subfield code="l">ON_SHELF</subfield>
         <subfield code="m">GR_MACEWAN</subfield>
         <subfield code="p">$69.70</subfield>
         <subfield code="r">Y</subfield>
         <subfield code="s">Y</subfield>
         <subfield code="t">BOOK</subfield>
         <subfield code="u">3/3/2015</subfield>
      </datafield>
   </record>
</collection>
